<?xml version="1.0" encoding="UTF-8"?><collection xmlns="http://www.loc.gov/MARC21/slim"><record><leader>00429nam--2200109-i-4500</leader><controlfield tag="001">000004599</controlfield><controlfield tag="002">20161230</controlfield><controlfield tag="005">20161230201026</controlfield><controlfield tag="008">060222s1000------------r-----000-0-eng-d</controlfield><datafield ind1=" " ind2=" " tag="245"><subfield code="a">Abstracts of papers given in the session on isotope production and high intensity gamma- systems at the all-union conference on the applicatiion of radioactive... in english translation</subfield></datafield><datafield ind1=" " ind2=" " tag="260"><subfield code="a">New York, Consultants Bureau, 1957 22 P</subfield></datafield><datafield ind1=" " ind2=" " tag="852"><subfield code="a">14018</subfield></datafield></record></collection>